@Misc{analyzer,
	author = {National Research Council of Canada},
	title = {The UQAILAUT Project: Inuktitut Morphological Analyzer},
	howpublished = {http://www.inuktitutcomputing.ca/Uqailaut/info.php},
	year = {2012}
}
@Misc{hansard,
	author = {National Research Council of Canada},
	title = {The Nunavut Hansard: Inuktitut-English Parallel Corpus},
	howpublished = {http://www.inuktitutcomputing.ca/NunavutHansard/info.php?lang=en},
	year = {2008}
}
@Misc{transcoder,
	author = {National Research Council of Canada},
	title = {Inuktitut Transcoder},
	howpublished = {http://www.inuktitutcomputing.ca/Transcoder/index.php?lang=en}	
}
@Misc{exec_cmd_java,
	title = {java runtime.getruntime() getting output from executing a command line program},
	howpublished = {http://stackoverflow.com/questions/5711084/java-runtime-getruntime-getting-output-from-executing-a-command-line-program}
}
@Misc{syllabics,
	title = {Inuktitut @ Omniglot},
	howpublished = {http://www.omniglot.com/writing/inuktitut.htm}	
}